@article{czyzewski20,
author = {Czyzewski, Maciej and Laskowski, Artur and Wasik, Szymon},
year = {2020},
month = {12},
pages = {257-280},
title = {Chessboard and Chess Piece Recognition With the Support of Neural Networks},
volume = {45},
journal = {Foundations of Computing and Decision Sciences},
doi = {10.2478/fcds-2020-0014}
}

@inproceedings{harris88,

   title = {A Combined Corner and Edge Detector},

   author = {Harris, C. and Stephens, M.},

   year = {1988},

   pages = {23.1-23.6},

   booktitle = {Proceedings of the Alvey Vision Conference},

   publisher = {Alvety Vision Club},

   editors = {Taylor, C. J.},

   isbn = {},

   note = {doi:10.5244/C.2.23}

}

@inproceedings{Ding2016ChessVisionC,
  title={ChessVision : Chess Board and Piece Recognition},
  author={J. Ding},
  year={2016}
}

@inproceedings{slidesNedevschi,
  title={Lecture slides from the Image Processing course},
  author={Nedevschi, Sergiu},
  year={2021}
}

@manual{2020opencv,
    title = {The OpenCV Reference Manual},
    organization = {OpenCV},
    edition = {3.4.13},
    month = {December},
    year = {2020},
    notes = {See \url{http://docs.opencv.org/}}
}

@article{tensorflow2015-whitepaper,
title={ {TensorFlow}: Large-Scale Machine Learning on Heterogeneous Systems},
url={https://www.tensorflow.org/},
note={Software available from tensorflow.org},
author={
    Mart\'{\i}n~Abadi and
    Ashish~Agarwal and
    Paul~Barham and
    Eugene~Brevdo and
    Zhifeng~Chen and
    Craig~Citro and
    Greg~S.~Corrado and
    Andy~Davis and
    Jeffrey~Dean and
    Matthieu~Devin and
    Sanjay~Ghemawat and
    Ian~Goodfellow and
    Andrew~Harp and
    Geoffrey~Irving and
    Michael~Isard and
    Yangqing Jia and
    Rafal~Jozefowicz and
    Lukasz~Kaiser and
    Manjunath~Kudlur and
    Josh~Levenberg and
    Dandelion~Man\'{e} and
    Rajat~Monga and
    Sherry~Moore and
    Derek~Murray and
    Chris~Olah and
    Mike~Schuster and
    Jonathon~Shlens and
    Benoit~Steiner and
    Ilya~Sutskever and
    Kunal~Talwar and
    Paul~Tucker and
    Vincent~Vanhoucke and
    Vijay~Vasudevan and
    Fernanda~Vi\'{e}gas and
    Oriol~Vinyals and
    Pete~Warden and
    Martin~Wattenberg and
    Martin~Wicke and
    Yuan~Yu and
    Xiaoqiang~Zheng},
  year={2015},
}

@article{opencv_library,
    author = {Bradski, G.},
    citeulike-article-id = {2236121},
    journal = {Dr. Dobb's Journal of Software Tools},
    keywords = {bibtex-import},
    posted-at = {2008-01-15 19:21:54},
    priority = {4},
    title = {{The OpenCV Library}},
    year = {2000}
}

@article{article_chess,
    author = {Maciej A. Czyzewski and Artur Laskowski and Szymon Wasik},
    journal = {Dr. Dobb's Journal of Software Tools},
    keywords = {bibtex-import},
    posted-at = {2008-01-15 19:21:54},
    priority = {4},
    title = {{Chessboard and Chess Piece Recognition With the Support of Neural Networks}},
    year = {2020}
}

@article{chess_piece_board,
  title = {Chessboard and piece images source},
  howpublished = {\url{https://lichess1.org/assets/_1zWnn9/piece-css/cburnett.css}}
}

@misc{collab,
  title = {Training Faster R-CNN Object Detection on a Custom Dataset},
  howpublished = {\url{https://colab.research.google.com/drive/1U3fkRu6-hwjk7wWIpg-iylL2u5T9t7rr#scrollTo=uQCnYPVDrsgx}},
  note = {Accessed: 2021-05-14}
}